@book{PAR,
	publisher = {WILEY},
	author = {Wagaman, Amy S. and Dobrow, Robert P.},
	title = {Probability with Applications and R},
	year = {2021},
	edition = {2},
	month = {July}
}

@book{MMSA,
	publisher = {Springer},
	author = {Devore, Jay L. and Berk, Kenneth N. and Carlton, Matthew A.},
	title = {Modern Mathematical Statistics with Applications},
	year = {2021},
	month = {April}
}
